@proceedings{MaterialStore2010,
  editor    = {N. Dinu and T. Gys and C. Joram and S. Korpar and Y. Musienko and V. Puill and D. Renker},
  title     = {{Micro Channel plate PMT (MCP-PMT)}},
  series    = {EDIT 2011 photodetection},
  publisher = {CERN Indico},
  address   = "Cham, Switzerland",
  year      = {2010},
  month     = oct,
  howpublished = {https://indico.cern.ch/event/111710/},
}

@book{Cahn2009Aug,
	author = {Cahn, Robert N. and Goldhaber, Gerson},
	title = {{The Experimental Foundations of Particle Physics}},
	journal = {Cambridge University Press},
	year = {2009},
	month = aug,
	isbn = {978-0-52152147-5},
	publisher = {Cambridge University Press},
	address = {Cambridge, England, UK},
}

@article{caoSecondaryElectronEmission2021,
  title = {Secondary Electron Emission Characteristics of the {{Al2O3}}/{{MgO}} Double-Layer Structure Prepared by Atomic Layer Deposition},
  author = {Cao, Weiwei and Wang, Bo and Yang, Yang and Zhu, Bingli and Guo, Junjiang and Xu, Peng and Bai, Xiaohong and Qin, Junjun and Wang, Chao and Zhu, Jingping and Bai, Yonglin},
  year = {2021},
  month = apr,
  journal = {Ceramics International},
  volume = {47},
  number = {7},
  pages = {9866--9872},
  doi = {10.1016/j.ceramint.2020.12.128},
  langid = {english}
}

@article{fukudaEvidenceOscillationAtmospheric1998,
  title = {Evidence for {{Oscillation}} of {{Atmospheric Neutrinos}}},
  author = {Fukuda, Y. and Hayakawa, T. and Ichihara, E. and Inoue, K. and Ishihara, K. and Ishino, H. and Itow, Y. and Kajita, T. and Kameda, J. and Kasuga, S. and Kobayashi, K. and Kobayashi, Y. and Koshio, Y. and Miura, M. and Nakahata, M. and Nakayama, S. and Okada, A. and Okumura, K. and Sakurai, N. and Shiozawa, M. and Suzuki, Y. and Takeuchi, Y. and Totsuka, Y. and Yamada, S. and Earl, M. and Habig, A. and Kearns, E. and Messier, M. D. and Scholberg, K. and Stone, J. L. and Sulak, L. R. and Walter, C. W. and Goldhaber, M. and Barszczxak, T. and Casper, D. and Gajewski, W. and Halverson, P. G. and Hsu, J. and Kropp, W. R. and Price, L. R. and Reines, F. and Smy, M. and Sobel, H. W. and Vagins, M. R. and Ganezer, K. S. and Keig, W. E. and Ellsworth, R. W. and Tasaka, S. and Flanagan, J. W. and Kibayashi, A. and Learned, J. G. and Matsuno, S. and Stenger, V. J. and Takemori, D. and Ishii, T. and Kanzaki, J. and Kobayashi, T. and Mine, S. and Nakamura, K. and Nishikawa, K. and Oyama, Y. and Sakai, A. and Sakuda, M. and Sasaki, O. and Echigo, S. and Kohama, M. and Suzuki, A. T. and Haines, T. J. and Blaufuss, E. and Kim, B. K. and Sanford, R. and Svoboda, R. and Chen, M. L. and Conner, Z. and Goodman, J. A. and Sullivan, G. W. and Hill, J. and Jung, C. K. and Martens, K. and Mauger, C. and McGrew, C. and Sharkey, E. and Viren, B. and Yanagisawa, C. and Doki, W. and Miyano, K. and Okazawa, H. and Saji, C. and Takahata, M. and Nagashima, Y. and Takita, M. and Yamaguchi, T. and Yoshida, M. and Kim, S. B. and Etoh, M. and Fujita, K. and Hasegawa, A. and Hasegawa, T. and Hatakeyama, S. and Iwamoto, T. and Koga, M. and Maruyama, T. and Ogawa, H. and Shirai, J. and Suzuki, A. and Tsushima, F. and Koshiba, M. and Nemoto, M. and Nishijima, K. and Futagami, T. and Hayato, Y. and Kanaya, Y. and Kaneyuki, K. and Watanabe, Y. and Kielczewska, D. and Doyle, R. A. and George, J. S. and Stachyra, A. L. and Wai, L. L. and Wilkes, R. J. and Young, K. K.},
  year = {1998},
  month = aug,
  journal = {Phys. Rev. Lett.},
  volume = {81},
  number = {8},
  pages = {1562--1567},
  doi = {10.1103/PhysRevLett.81.1562},
  copyright = {http://link.aps.org/licenses/aps-default-license},
  langid = {english}
}

@article{DECAMP1989519,
  title = {Determination of the Number of Light Neutrino Species},
  author = {DeCamp, D. and Deschizeaux, B. and Lees, J.-P. and Minard, M.-N. and Crespo, J.M. and Delfino, M. and Fernandez, E. and Martinez, M. and Miquel, R. and Mir, M.L. and Orteu, S. and Pacheco, A. and Perlas, J.A. and Tubau, E. and Catanesi, M.G. and {de Palma}, M. and Farilla, A. and Iaselli, G. and Maggi, G. and Mastrogiacomo, A. and Natali, S. and Nuzzo, S. and Ranieri, A. and Raso, G. and Romano, F. and Ruggieri, F. and Selvaggi, G. and Silvestris, L. and Tempesta, P. and Zito, G. and Chen, Y. and Huang, D. and Lin, J. and Ruan, T. and Wang, T. and Wu, W. and Xie, Y. and Xu, D. and Xu, R. and Zhang, J. and Zhao, W. and Albrecht, H. and Bird, F. and Blucher, E. and Charity, T. and Drevermann, H. and Garrido, {\relax Ll}. and Grab, C. and Hagelberg, R. and Haywood, S. and Jost, B. and Kasemann, M. and Kellner, G. and Knobloch, J. and Lacourt, A. and Lehraus, I. and Lohse, T. and L{\"u}ke, D. and Marchioro, A. and Mato, P. and May, J. and Mertens, V. and Minten, A. and Miotto, A. and Palazzi, P. and {Pepe-Altarelli}, M. and Ranjard, F. and Richstein, J. and Roth, A. and Rothberg, J. and Rotscheidt, H. and {von R{\"u}den}, W. and Schlatter, D. and St.Denis, R. and Takashima, M. and Talby, M. and Taureg, H. and Tejessy, W. and Wachsmuth, H. and Wheeler, S. and Wiedenmann, W. and Witzeling, W. and Wotschack, J. and Ajaltouni, Z. and {Bardadin-Otwinowska}, M. and Falvard, A. and Gay, P. and Henrard, P. and Jousset, J. and Michel, B. and Montret, J-C. and Pallin, D. and Perret, P. and Prat, J. and Proriol, J. and Prulhi{\`e}re, F. and Bertelsen, H. and Hansen, F. and Hansen, J.R. and Hansen, J.D. and Hansen, P.H. and Lindahl, A. and Madsen, B. and M{\o}llerud, R. and Nilsson, B.S. and Petersen, G. and Simopoulou, E. and Vayaki, A. and Badier, J. and Bernard, D. and Blondel, A. and Bonneaud, G. and Bourotte, J. and Braems, F. and Brient, J.C. and Ciocci, M.A. and Fouque, G. and Guirlet, R. and Min{\'e}, P. and Roug{\'e}, A. and Rumpf, M. and Videau, H. and Videau, I. and Zwierski, D. and Candlin, D.J. and Conti, A. and Parrini, G. and Corden, M. and Georgiopoulos, C. and Goldman, J.H. and Ikeda, M. and Levinthal, D. and Lannutti, J. and Mermikides, M. and Sawyer, L. and Antonelli, A. and Baldini, R. and Bencivenni, G. and Bologna, G. and Bossi, F. and Campana, P. and Capon, G. and Chiarella, V. and De Ninno, G. and {D'Ettorre-Piazzoli}, B. and Felici, G. and Laurelli, P. and Mannocchi, G. and Murtas, F. and Murtas, G.P. and Nicoletti, G. and Picchi, P. and Zografou, P. and Altoon, B. and Boyle, O. and Flavell, A.J. and Halley, A.W. and Ten Have, I. and Hearns, J.A. and Hughes, I.S. and Lynch, J.G. and Martin, D.J. and O'Neill, R. and Raine, C. and Scarr, J.M. and Smith, K. and Thompson, A.S. and Brandl, B. and Braun, O. and Geiges, R. and Geweniger, C. and Hanke, P. and Hepp, V. and Kluge, E.E. and Maumary, Y. and Panter, M. and Putzer, A. and Rensch, B. and Stahl, A. and Tittel, K. and Wunsch, M. and Barber, G.J. and Belk, A.T. and Beuselinck, R. and Binnie, D.M. and Cameron, W. and Cattaneo, M. and Dornan, P.J. and Dugeay, S. and Forty, R.W. and Gentry, D.N. and Hassard, J.F. and Miller, D.G. and Price, D.R. and Sedgbeer, J.K. and Tomalin, I.R. and Taylor, G. and Girtler, P. and Kuhn, D. and Rudolph, G. and Brodbeck, T.J. and Bowdery, C. and Finch, A.J. and Foster, F. and Hughes, G. and Keemer, N.R. and Nuttall, M. and Rowlingson, B.S. and Sloan, T. and Snow, S.W. and Barczewski, T. and Bauerdick, L.A.T. and Kleinknecht, K. and Pollmann, D. and Renk, B. and Roehn, S. and Sander, H.-G. and Schmelling, M. and Steeg, F. and Albanese, J.-P. and Aubert, J.-J. and Benchouk, C. and Bonissent, A. and Etienne, F. and Nacasch, R. and Payre, P. and Pietrzyk, B. and Qian, Z. and Blum, W. and Cattaneo, P. and Comin, M. and Dehning, B. and Cowan, G. and Dietl, H. and {Fernandez-Bosman}, M. and Hauff, D. and Jahn, A. and Lange, E. and L{\"u}tjens, G. and Lutz, G. and M{\"a}nner, W. and Moser, H.-G. and Pan, Y. and Richter, R. and Schwarz, A. and Settles, R. and Stiegler, U. and Stierlin, U. and Stimpfl, G. and Thomas, J. and Waltermann, G. and Boucrot, J. and Callot, O. and Cordier, A. and Davier, M. and De Bouard, G. and Ganis, G. and Grivaz, J.-F. and Heusse, {\relax Ph}. and Janot, P. and Journ{\'e}, V. and Kim, D.W. and Lefran{\c c}ois, J. and {Lloyd-Owen}, D. and Lutz, A.-M. and Marotte, P. and Veillet, J.-J. and Amendolia, S.R. and Bagliesi, G. and Batignani, G. and Bosisio, L. and Bottigli, U. and Bradaschia, C. and Ferrante, I. and Fidecaro, F. and Fo{\`a}, L. and Focardi, E. and Forti, F. and Giassi, A. and Giorgi, M.A. and Ligabue, F. and Lusiani, A. and Mannelli, E.B. and Marrocchesi, P.S. and Messineo, A. and Palla, F. and Sanguinetti, G. and Scapellato, S. and Steinberger, J. and Tenchini, R. and Tonelli, G. and Triggiani, G. and Carter, J.M. and Green, M.G. and McKemey, A.K. and March, P.V. and Medcalf, T. and Saich, M.R. and Strong, J. and Thomas, R.M. and Wildish, T. and Botterill, D.R. and Clifft, R.W. and Edgecock, T.R. and Edwards, M. and Fisher, S.M. and Hill, D.L. and Jones, T.J. and McPherson, G. and Morrissey, M. and Norton, P.R. and Salmon, D.P. and Tappern, G.J. and Thompson, J.C. and Harvey, J. and {Bloch-Devaux}, B. and Colas, P. and Klopfenstein, C. and Lan{\c c}on, E. and Locci, E. and Loucatos, S. and Mirabito, L. and Monnier, E. and Perez, P. and Perrier, F. and Pignard, B. and Rander, J. and Renardy, J.-F. and Roussarie, A. and Schuller, J.-P. and Turlay, R. and Ashman, J.G. and Booth, C.N. and Combley, F. and Dinsdale, M. and Martin, J. and Parker, D. and Thompson, L.F. and Brandt, S. and Burkhardt, H. and Grupen, C. and Meinhard, H. and Neugebauer, E. and Sch{\"a}fer, U. and Seywerd, H. and Stupperich, K. and Gobbo, B. and Liello, F. and Milotti, E. and Ragusa, F. and Rolandi, L. and Bellantoni, L. and Boudreau, J.F. and Cinabro, D. and Conway, J.S. and Cowen, D.F. and Feng, Z. and Harton, J.L. and Hilgart, J. and Jared, R.C. and Johnson, R.P. and Leclaire, B.W. and Pan, Y.B. and Parker, T. and Pater, J.R. and Saadi, Y. and Sharma, V. and Wear, J.A. and Weber, F.V. and {Sau Lan Wu} and Xue, S.T. and Zobernig, G.},
  year = {1989},
  journal = {Phys. Lett. B},
  volume = {231},
  number = {4},
  pages = {519--529},
  doi = {10.1016/0370-2693(89)90704-1}
}

@article{JUNOPhysicsDetector2022,
  title = {{{JUNO}} Physics and Detector},
  author = {{JUNO Collaboration}},
  year = {2022},
  month = mar,
  journal = {Progress in Particle and Nuclear Physics},
  volume = {123},
  pages = {103927},
  doi = {10.1016/j.ppnp.2021.103927},
  langid = {english}
}

@article{junocollaborationDesignSensitivityJUNO2021,
  title = {The {{Design}} and {{Sensitivity}} of {{JUNO}}'s Scintillator Radiopurity Pre-Detector {{OSIRIS}}},
  author = {{JUNO Collaboration}},
  year = {2021},
  month = mar,
  number = {arXiv:2103.16900},
  eprint = {2103.16900},
  primaryclass = {physics},
  publisher = {arXiv},
  archiveprefix = {arxiv},
  langid = {english}
}

@article{yangMCPPerformanceImprovement2017,
  title = {{{MCP}} Performance Improvement Using Alumina Thin Film},
  author = {Yang, Yuzhen and Yan, Baojun and Liu, Shulin and Zhao, Tianchi and Yu, Yang and Wen, Kaile and Li, Yumei and Qi, Ming},
  year = {2017},
  month = oct,
  journal = {Nuclear Instruments and Methods in Physics Research Section A: Accelerators, Spectrometers, Detectors and Associated Equipment},
  volume = {868},
  pages = {43--47},
  doi = {10.1016/j.nima.2017.06.049},
  langid = {english}
}

@article{zhangPerformanceEvaluation8inch2023,
  title = {Performance Evaluation of the 8-Inch {{MCP-PMT}} for {{Jinping Neutrino Experiment}}},
  author = {Zhang, Aiqiang and Xu, Benda and Weng, Jun and Chen, Huiyou and Shao, Wenhui and Xu, Tong and Ren, Ling and Qian, Sen and Wang, Zhe and Chen, Shaomin},
  year = {2023},
  month = oct,
  journal = {Nuclear Instruments and Methods in Physics Research Section A: Accelerators, Spectrometers, Detectors and Associated Equipment},
  volume = {1055},
  pages = {168506},
  doi = {10.1016/j.nima.2023.168506}
}

@article{chenPhotoelectronBackscatteringMicrochannel2018,
  title = {Photoelectron Backscattering in the Microchannel Plate Photomultiplier Tube},
  author = {Chen, Ping and Tian, Jinshou and Guo, Lehui and Wei, Yonglin and Liu, Hulin and Sai, Xiaofeng and Wang, Xing and Lu, Yu and Wang, Chao and Wang, Junfeng and He, Kai and Tian, Liping and Xin, Liwei and Guo, Haitao},
  year = {2018},
  month = dec,
  journal = {Nuclear Instruments and Methods in Physics Research Section A: Accelerators, Spectrometers, Detectors and Associated Equipment},
  volume = {912},
  pages = {112--114},
  doi = {10.1016/j.nima.2017.10.081},
  langid = {english}
}

@article{wangFastStochasticMatching2024a,
  title = {The {{Fast Stochastic Matching Pursuit}} for {{Neutrino}} and {{Dark Matter Experiments}}},
  author = {Wang, Yuyi and Zhang, Aiqiang and Wu, Yiyang and Xu, Benda and Chen, Jiajie and Wang, Zhe and Chen, Shaomin},
  year = {2024},
  month = mar,
  number = {arXiv:2403.03156},
  eprint = {2403.03156},
  primaryclass = {hep-ex, physics:physics},
  publisher = {arXiv},
  archiveprefix = {arxiv},
  langid = {english}
}

@article{wengSingleElectronCharge2024,
  title = {Single Electron Charge Spectra of 8-Inch High-Collection-Efficiency {{MCP-PMTs}}},
  author = {Weng, Jun and Zhang, Aiqiang and Wu, Qi and Ma, Lishuang and Xu, Benda and Qian, Sen and Wang, Zhe and Chen, Shaomin},
  year = {2024},
  month = may,
  number = {arXiv:2402.13266},
  eprint = {2402.13266},
  primaryclass = {hep-ex, physics:physics},
  publisher = {arXiv},
  doi = {10.48550/arXiv.2402.13266},
  archiveprefix = {arxiv}
}

@article{PhysRevSTAB.5.124404,
  title = {Probabilistic model for the simulation of secondary electron emission},
  author = {Furman, M. A. and Pivi, M. T. F.},
  journal = {Phys. Rev. ST Accel. Beams},
  volume = {5},
  issue = {12},
  pages = {124404},
  numpages = {18},
  year = {2002},
  month = {Dec},
  publisher = {American Physical Society},
  doi = {10.1103/PhysRevSTAB.5.124404},
  url = {https://link.aps.org/doi/10.1103/PhysRevSTAB.5.124404}
}

@article{chenOptimizationElectronCollection2016,
  title = {Optimization of the Electron Collection Efficiency of a Large Area {{MCP-PMT}} for the {{JUNO}} Experiment},
  author = {Chen, Lin and Tian, Jinshou and Liu, Chunliang and Wang, Yifang and Zhao, Tianchi and Liu, Hulin and Wei, Yonglin and Sai, Xiaofeng and Chen, Ping and Wang, Xing and Lu, Yu and Hui, Dandan and Guo, Lehui and Liu, Shulin and Qian, Sen and Xia, Jingkai and Yan, Baojun and Zhu, Na and Sun, Jianning and Si, Shuguang and Li, Dong and Wang, Xingchao and Huang, Guorui and Qi, Ming},
  year = {2016},
  month = aug,
  journal = {Nuclear Instruments and Methods in Physics Research Section A: Accelerators, Spectrometers, Detectors and Associated Equipment},
  volume = {827},
  pages = {124--130},
  doi = {10.1016/j.nima.2016.04.100},
  langid = {english}
}

@article{wangNewDesignLarge2012,
  title = {A New Design of Large Area {{MCP-PMT}} for the next Generation Neutrino Experiment},
  author = {Wang, Yifang and Qian, Sen and Zhao, T. and Tian, Jinshou and Li, Huirui and Cao, Jun and Xu, Xiangyan and Wang, Xiaoyun and Liu, Shudong and Liu, Hulin and Liu, Shulin and Liu, Delin and Heng, Yuekun and Cao, Xibin and Shentu, Jun},
  year = {2012},
  month = dec,
  journal = {Nuclear Instruments and Methods in Physics Research Section A: Accelerators, Spectrometers, Detectors and Associated Equipment},
  volume = {695},
  pages = {113--117},
  doi = {10.1016/j.nima.2011.12.085},
  copyright = {https://www.elsevier.com/tdm/userlicense/1.0/},
  langid = {english}
}

@article{freedmanHistogramDensityEstimator1981,
  title = {On the Histogram as a Density Estimator:{{L}} 2 Theory},
  shorttitle = {On the Histogram as a Density Estimator},
  author = {Freedman, David and Diaconis, Persi},
  year = {1981},
  month = dec,
  journal = {Z. Wahrscheinlichkeitstheorie verw Gebiete},
  volume = {57},
  number = {4},
  pages = {453--476},
  doi = {10.1007/BF01025868},
  langid = {english}
}

@article{zhangDarkCount20inch2024,
  title = {Dark {{Count}} of 20-Inch {{PMTs Generated}} by {{Natural Radioactivity}}},
  author = {Zhang, Yu and Wang, Zhimin and Li, Min and Liu, Caimei and Rodphai, Narongkiat and Zhang, Yongpeng and Xu, Jilei and Yang, Changgen and Heng, Yuekun},
  year = {2024},
  month = jan,
  number = {arXiv:2307.15104},
  eprint = {2307.15104},
  primaryclass = {hep-ex, physics:physics},
  publisher = {arXiv},
  doi = {10.48550/arXiv.2307.15104},
  archiveprefix = {arxiv}
}

@article{zhangStudy20inchPMTs2022,
  title = {Study of 20-Inch {{PMTs}} Dark Count Generated Large Pulses},
  author = {Zhang, Yu and Wang, Zhimin and Li, Min and Zhang, Yongpeng and Wang, Yaoguang and Peng, Zhaoyuan and Yang, Changgen and Heng, Yuekun},
  year = {2022},
  month = oct,
  journal = {J. Inst.},
  volume = {17},
  number = {10},
  pages = {P10048},
  publisher = {IOP Publishing},
  doi = {10.1088/1748-0221/17/10/P10048},
  langid = {english}
}

@article{10.1214/aos/1176344136,
author = {Gideon Schwarz},
title = {{Estimating the Dimension of a Model}},
volume = {6},
journal = {The Annals of Statistics},
number = {2},
publisher = {Institute of Mathematical Statistics},
pages = {461 -- 464},
keywords = {Akaike information criterion, asymptotics, dimension},
year = {1978},
doi = {10.1214/aos/1176344136},
URL = {https://doi.org/10.1214/aos/1176344136}
}
